<record xmlns="http://www.loc.gov/MARC21/slim" xmlns:xsi="http://www.w3.org/2001/XMLSchema-instance" xsi:schemaLocation="http://www.loc.gov/MARC21/slim http://www.loc.gov/standards/marcxml/schema/MARC21slim.xsd"><leader>     nam a22        4500</leader><controlfield tag="001">3077308</controlfield><controlfield tag="003">NNC</controlfield><controlfield tag="006">m        d        </controlfield><controlfield tag="007">cr cn |||m|||a</controlfield><controlfield tag="008">150313s1945    ua      o     000 0 ara d</controlfield><datafield ind1=" " ind2=" " tag="040"><subfield code="a">NNU</subfield><subfield code="b">eng</subfield><subfield code="e">rda</subfield><subfield code="c">NNU</subfield></datafield><datafield ind1="1" ind2=" " tag="100"><subfield code="a">&#699;Askar, Riya&#772;d&#803; Muh&#803;ammad.</subfield></datafield><datafield ind1="1" ind2="0" tag="245"><subfield code="a">Nafsi&#772;yat al-mura&#772;hiq.</subfield></datafield><datafield ind1=" " ind2=" " tag="260"><subfield code="a">Mis&#803;r,</subfield><subfield code="b">Maktabat Mus&#803;t&#803;afa&#772; al-H&#803;alabi&#772;,</subfield><subfield code="c">1945.</subfield></datafield><datafield ind1=" " ind2=" " tag="300"><subfield code="a">online resource (216 pages)</subfield></datafield><datafield ind1=" " ind2=" " tag="336"><subfield code="a">text</subfield><subfield code="2">rdacontent</subfield></datafield><datafield ind1=" " ind2=" " tag="337"><subfield code="a">computer</subfield><subfield code="2">rdamedia</subfield></datafield><datafield ind1=" " ind2=" " tag="338"><subfield code="a">online resource</subfield><subfield code="2">rdacarrier</subfield></datafield><datafield ind1=" " ind2=" " tag="500"><subfield code="a">Part of the Arabic Collections Online (ACO) project, contributed by Columbia University Libraries.</subfield></datafield><datafield ind1=" " ind2=" " tag="533"><subfield code="a">Electronic reproduction.</subfield><subfield code="b">New York, N.Y. :</subfield><subfield code="c">New York University,</subfield><subfield code="d">2015.</subfield><subfield code="5">NNU</subfield></datafield><datafield ind1=" " ind2="0" tag="650"><subfield code="a">Psychology.</subfield></datafield><datafield ind1=" " ind2="0" tag="650"><subfield code="a">Adolescence.</subfield></datafield><datafield ind1=" " ind2="7" tag="650"><subfield code="a">Adolescence.</subfield><subfield code="2">fast</subfield><subfield code="0">(OCoLC)fst00796984</subfield></datafield><datafield ind1=" " ind2="7" tag="650"><subfield code="a">Psychology.</subfield><subfield code="2">fast</subfield><subfield code="0">(OCoLC)fst01081447</subfield></datafield><datafield ind1="2" ind2=" " tag="710"><subfield code="a">Columbia University.</subfield><subfield code="b">Libraries.</subfield></datafield><datafield ind1="0" ind2=" " tag="730"><subfield code="a">Arabic Collections Online.</subfield></datafield><datafield ind1="0" ind2="8" tag="776"><subfield code="i">Print version:</subfield><subfield code="a">&#699;Askar, Riya&#772;d&#803; Muh&#803;ammad.</subfield><subfield code="t">Nafsi&#772;yat al-mura&#772;hiq</subfield><subfield code="w">(NNC)3077308</subfield><subfield code="w">(OCoLC)47881137</subfield></datafield><datafield ind1="4" ind2="0" tag="856"><subfield code="u">http://hdl.handle.net/2333.1/h44j124z</subfield></datafield><datafield ind1=" " ind2=" " tag="959"><subfield code="a">NNU</subfield><subfield code="b">WEB</subfield><subfield code="c">GENI</subfield><subfield code="t">0</subfield><subfield code="m">Electronic access</subfield><subfield code="s">01</subfield></datafield><datafield ind1=" " ind2=" " tag="999"><subfield code="i">NNC_3077308</subfield><subfield code="o">(OCoLC)ocm47881137 </subfield><subfield code="s">columbia_aco000515</subfield><subfield code="e">(ERROR-880)</subfield></datafield></record>